<record><leader>00000cas a2200000 a 4500</leader><controlfield tag="001">13379233</controlfield><controlfield tag="008">860402d18341846pauwr ne      0    0ger d</controlfield><datafield ind1=" " ind2=" " tag="010"><subfield code="a">sn 86063531 </subfield></datafield><datafield ind1=" " ind2=" " tag="040"><subfield code="a">KSH</subfield><subfield code="b">eng</subfield><subfield code="c">KSH</subfield><subfield code="d">NPT</subfield><subfield code="d">NPX</subfield><subfield code="d">NPH</subfield><subfield code="d">OCL</subfield><subfield code="d">OCLCQ</subfield><subfield code="d">OCLCF</subfield><subfield code="d">OCLCO</subfield></datafield><datafield ind1="1" ind2=" " tag="029"><subfield code="a">AU@</subfield><subfield code="b">000020127825</subfield></datafield><datafield ind1="0" ind2=" " tag="041"><subfield code="a">gereng</subfield></datafield><datafield ind1=" " ind2=" " tag="042"><subfield code="a">msc</subfield></datafield><datafield ind1=" " ind2=" " tag="043"><subfield code="a">n-us-pa</subfield></datafield><datafield ind1="0" ind2="4" tag="245"><subfield code="a">Der Volksfreund und Lancaster Beobachter.</subfield></datafield><datafield ind1="1" ind2="7" tag="246"><subfield code="a">Volksfreund und Beobachter</subfield></datafield><datafield ind1=" " ind2=" " tag="260"><subfield code="a">Lancaster, Pa. :</subfield><subfield code="b">John Baer,</subfield><subfield code="c">1834-1846.</subfield></datafield><datafield ind1=" " ind2=" " tag="300"><subfield code="a">v. ;</subfield><subfield code="c">56 cm.</subfield></datafield><datafield ind1=" " ind2=" " tag="310"><subfield code="a">Weekly</subfield></datafield><datafield ind1="0" ind2=" " tag="362"><subfield code="a">Jahrg. 26, Nr. 33 (5. Apr. 1834)-Jahrg. 38, Nr. 52 (4. Aug. 1846).</subfield></datafield><datafield ind1=" " ind2=" " tag="500"><subfield code="a">Publishers: John Baer &amp; Sons, &lt;1835&gt;; Johann Ba&#776;r, &lt;1840-1844&gt;.</subfield></datafield><datafield ind1=" " ind2=" " tag="500"><subfield code="a">"Demokratische Gegenfreymaurer," &lt;1840&gt;.</subfield></datafield><datafield ind1=" " ind2=" " tag="500"><subfield code="a">Supplements accompany some issues.</subfield></datafield><datafield ind1=" " ind2=" " tag="546"><subfield code="a">In German; some notices in English.</subfield></datafield><datafield ind1=" " ind2="0" tag="650"><subfield code="a">German Americans</subfield><subfield code="z">Pennsylvania</subfield><subfield code="v">Newspapers.</subfield></datafield><datafield ind1=" " ind2="7" tag="655"><subfield code="a">Newspapers.</subfield><subfield code="2">fast</subfield><subfield code="0">(OCoLC)fst01423814</subfield></datafield><datafield ind1=" " ind2="7" tag="650"><subfield code="a">German Americans.</subfield><subfield code="2">fast</subfield><subfield code="0">(OCoLC)fst00941308</subfield></datafield><datafield ind1=" " ind2="7" tag="651"><subfield code="a">Pennsylvania.</subfield><subfield code="2">fast</subfield><subfield code="0">(OCoLC)fst01204598</subfield></datafield><datafield ind1=" " ind2=" " tag="752"><subfield code="a">United States</subfield><subfield code="b">Pennsylvania</subfield><subfield code="c">Lancaster</subfield><subfield code="d">Lancaster.</subfield></datafield><datafield ind1="0" ind2="4" tag="780"><subfield code="t">Volksfreund (Lancaster, Pa.)</subfield><subfield code="w">(DLC)sn 86071515</subfield></datafield><datafield ind1="0" ind2="4" tag="780"><subfield code="t">Lancaster Beobachter</subfield><subfield code="w">(DLC)sn 86071877</subfield></datafield><datafield ind1="0" ind2="0" tag="785"><subfield code="t">Volksfreund und Beobachter</subfield><subfield code="w">(DLC)sn 86053680</subfield></datafield></record>